<record><leader>00000cas a22000007a 4500</leader><controlfield tag="001">10681655</controlfield><controlfield tag="008">840502d18641884nhudn ne      0    0eng d</controlfield><datafield ind1=" " ind2=" " tag="010"><subfield code="a">sn 84022955 </subfield></datafield><datafield ind1=" " ind2=" " tag="040"><subfield code="a">NPX</subfield><subfield code="b">eng</subfield><subfield code="c">NPX</subfield><subfield code="d">DLC</subfield><subfield code="d">NPU</subfield><subfield code="d">DLC</subfield><subfield code="d">NVH</subfield><subfield code="d">KNP</subfield><subfield code="d">MGN</subfield><subfield code="d">NVF</subfield><subfield code="d">OCL</subfield><subfield code="d">OCLCF</subfield><subfield code="d">OCLCO</subfield></datafield><datafield ind1="1" ind2=" " tag="029"><subfield code="a">AU@</subfield><subfield code="b">000020228297</subfield></datafield><datafield ind1=" " ind2=" " tag="042"><subfield code="a">msc</subfield></datafield><datafield ind1="0" ind2="0" tag="050"><subfield code="a">Newspaper</subfield></datafield><datafield ind1="0" ind2=" " tag="130"><subfield code="a">Concord daily monitor (Concord, N.H. : 1864)</subfield></datafield><datafield ind1="0" ind2="0" tag="245"><subfield code="a">Concord daily monitor.</subfield></datafield><datafield ind1=" " ind2=" " tag="260"><subfield code="a">Concord, N.H. :</subfield><subfield code="b">Cogswell &amp; Sturtevant,</subfield></datafield><datafield ind1=" " ind2=" " tag="300"><subfield code="a">v.</subfield></datafield><datafield ind1=" " ind2=" " tag="310"><subfield code="a">Daily (except Sunday)</subfield></datafield><datafield ind1="0" ind2=" " tag="362"><subfield code="a">Vol. 1, no. 1 (May 23, 1864)-v. 39, no. 61000 [i.e. 6100] (Mar. 14, 1884).</subfield></datafield><datafield ind1=" " ind2=" " tag="580"><subfield code="a">Weekly eds.: Concord monitor, 1865-1867, and: Independent Democrat, 1864-1871, and: Independent statesman (Concord, N.H.), 1871-1884.</subfield></datafield><datafield ind1=" " ind2="0" tag="651"><subfield code="a">Concord (N.H.)</subfield><subfield code="v">Newspapers.</subfield></datafield><datafield ind1=" " ind2="7" tag="655"><subfield code="a">Newspapers.</subfield><subfield code="2">fast</subfield><subfield code="0">(OCoLC)fst01423814</subfield></datafield><datafield ind1=" " ind2="7" tag="651"><subfield code="a">New Hampshire</subfield><subfield code="z">Concord.</subfield><subfield code="2">fast</subfield><subfield code="0">(OCoLC)fst01205752</subfield></datafield><datafield ind1=" " ind2=" " tag="752"><subfield code="a">United States</subfield><subfield code="b">New Hampshire</subfield><subfield code="c">Merrimack</subfield><subfield code="d">Concord.</subfield></datafield><datafield ind1="1" ind2=" " tag="775"><subfield code="t">Concord monitor (Concord, N.H. : 1865)</subfield><subfield code="w">(DLC)sn 84022956</subfield></datafield><datafield ind1="1" ind2=" " tag="775"><subfield code="t">Independent Democrat (Concord, N.H.)</subfield><subfield code="w">(DLC)sn 84022953</subfield></datafield><datafield ind1="1" ind2=" " tag="775"><subfield code="t">Independent statesman (Concord, N.H.)</subfield><subfield code="w">(DLC)sn 84022957</subfield></datafield><datafield ind1="0" ind2="0" tag="785"><subfield code="t">Concord evening monitor</subfield><subfield code="w">(DLC)sn 84020470</subfield></datafield></record>